@misc{ wiki:vc,
    author = "{Wikipedia contributors}",
    title = "VC dimension --- {Wikipedia}{,} The Free Encyclopedia",
    year = "2018",
    url = "https://en.wikipedia.org/w/index.php?title=VC_dimension&oldid=846805558",
    note = "[Online; accessed 30-July-2018]"
  }

@ARTICLE{hessel:arxiv:2017,
   author = {{Hessel}, M. and {Modayil}, J. and {van Hasselt}, H. and {Schaul}, T. and 
  {Ostrovski}, G. and {Dabney}, W. and {Horgan}, D. and {Piot}, B. and 
  {Azar}, M. and {Silver}, D.},
    title = "{Rainbow: Combining Improvements in Deep Reinforcement Learning}",
  journal = {ArXiv e-prints},
archivePrefix = "arXiv",
   eprint = {1710.02298},
 primaryClass = "cs.AI",
 keywords = {Computer Science - Artificial Intelligence, Computer Science - Learning},
     year = 2017,
    month = oct,
   adsurl = {http://adsabs.harvard.edu/abs/2017arXiv171002298H},
  adsnote = {Provided by the SAO/NASA Astrophysics Data System}
}

@misc{danijar:recur-tips,
author = "{Danijar Hafner}",
title = "Tips for Training Recurrent Neural Networks",
url = "https://danijar.com/tips-for-training-recurrent-neural-networks/",
note = "[Online; accessed 24-July-2018]"
}

@misc{ds:doukkali:norm,
author = "{Firdaouss Doukkali}",
nameaddon = "@phidaouss",
title = "Batch normalization in Neural Networks...",
year = "2017",
month = "October",
day = "20",
url = "https://towardsdatascience.com/batch-normalization-in-neural-networks-1ac91516821c",
note = "[Online; accessed 20-July-2018]"
}

@misc{twitter:karpathy:nn:300618,
author = "{Twitter Users}",
nameaddon = "@karpathy",
title = "Andrej Karpathy twitter thread: most common neural net mistakes...",
year = "2018",
url = "https://twitter.com/karpathy/status/1013244313327681536",
note = "[Online; accessed 03-July-2018]"
}

@MISC {se:stats:sycorax:nn-no-learn,
TITLE = {What should I do when my neural network doesn't learn?},
AUTHOR = {Sycorax},
addendum = "https://stats.stackexchange.com/users/22311/sycorax",
HOWPUBLISHED = {Cross Validated},
NOTE = {[Online; accessed 03-July-2018]},
EPRINT = {https://stats.stackexchange.com/q/352036}}

@misc{byu:pcc:advice,
  author = {Matt~H. and Daniel~R.},
  title = {{Practical Advice for Building Deep Neural Networks}},
  url = "https://pcc.cs.byu.edu/2017/10/02/practical-advice-for-building-deep-neural-networks/",
  note = "[Online; accessed: 03-July-2018]"
}

@misc{tensorflow2015-whitepaper,
title={ {TensorFlow}: Large-Scale Machine Learning on Heterogeneous Systems},
url={https://www.tensorflow.org/},
note={Software available from tensorflow.org},
author={
    Mart{\i}n~Abadi and
    Ashish~Agarwal and
    Paul~Barham and
    Eugene~Brevdo and
    Zhifeng~Chen and
    Craig~Citro and
    Greg~S.~Corrado and
    Andy~Davis and
    Jeffrey~Dean and
    Matthieu~Devin and
    Sanjay~Ghemawat and
    Ian~Goodfellow and
    Andrew~Harp and
    Geoffrey~Irving and
    Michael~Isard and
    Yangqing Jia and
    Rafal~Jozefowicz and
    Lukasz~Kaiser and
    Manjunath~Kudlur and
    Josh~Levenberg and
    Dandelion~Man\'{e} and
    Rajat~Monga and
    Sherry~Moore and
    Derek~Murray and
    Chris~Olah and
    Mike~Schuster and
    Jonathon~Shlens and
    Benoit~Steiner and
    Ilya~Sutskever and
    Kunal~Talwar and
    Paul~Tucker and
    Vincent~Vanhoucke and
    Vijay~Vasudevan and
    Fernanda~Vi\'{e}gas and
    Oriol~Vinyals and
    Pete~Warden and
    Martin~Wattenberg and
    Martin~Wicke and
    Yuan~Yu and
    Xiaoqiang~Zheng
  },
  year={2015},
}

@book{Chollet:2017:DLP:3203489,
 author = {Chollet, Francois},
 title = {Deep Learning with Python},
 year = {2017},
 isbn = {1617294438, 9781617294433},
 edition = {1st},
 publisher = {Manning Publications Co.},
 address = {Greenwich, CT, USA},
}

@misc{kaggle,
  title = {{Kaggle}},
  howpublished = {\url{https://www.kaggle.com}},
  note = {Accessed: 03-July-2018}
}

@misc{Tieleman2012,
  title={{Lecture 6.5---RmsProp: Divide the gradient by a running average of its recent magnitude}},
  author={Tieleman, T. and Hinton, G.},
  howpublished={COURSERA: Neural Networks for Machine Learning},
  year={2012}
}